@Article{CNN,
author = {Krizhevsky, Alex and Sutskever, Ilya and E. Hinton, Geoffrey},
year = {2012},
month = {01},
pages = {},
title = {ImageNet Classification with Deep Convolutional Neural Networks},
volume = {25},
journal = {Neural Information Processing Systems},
doi = {10.1145/3065386}
}
@article{gal2015bayesian,
  title={Bayesian convolutional neural networks with Bernoulli approximate variational inference},
  author={Gal, Yarin and Ghahramani, Zoubin},
  journal={arXiv preprint arXiv:1506.02158},
  year={2015}
}
@article{GalIG17,
  author    = {Yarin Gal and
               Riashat Islam and
               Zoubin Ghahramani},
  title     = {Deep Bayesian Active Learning with Image Data},
  journal   = {CoRR},
  volume    = {abs/1703.02910},
  year      = {2017},
  url       = {http://arxiv.org/abs/1703.02910},
  archivePrefix = {arXiv},
  eprint    = {1703.02910},
  timestamp = {Mon, 13 Aug 2018 16:48:21 +0200},
  biburl    = {https://dblp.org/rec/bib/journals/corr/GalIG17},
  bibsource = {dblp computer science bibliography, https://dblp.org}
}
@book{activelearningbook,
    author    = "Burr Settles",
    title     = "Active learning",
    year      = "2012",
    publisher = "Morgan \& Claypool Publishers",
}
@article{shannon1948mathematical,
  title={A mathematical theory of communication},
  author={Shannon, Claude Elwood},
  journal={Bell system technical journal},
  volume={27},
  number={3},
  pages={379--423},
  year={1948},
  publisher={Wiley Online Library}
}
@article{roy2001toward,
  title={Toward optimal active learning through monte carlo estimation of error reduction},
  author={Roy, Nicholas and McCallum, Andrew},
  journal={ICML, Williamstown},
  pages={441--448},
  year={2001}
} 
@article{ILSVRC15,
Author = {Olga Russakovsky and Jia Deng and Hao Su and Jonathan Krause and Sanjeev Satheesh and Sean Ma and Zhiheng Huang and Andrej Karpathy and Aditya Khosla and Michael Bernstein and Alexander C. Berg and Li Fei-Fei},
Title = {{ImageNet Large Scale Visual Recognition Challenge}},
Year = {2015},
journal   = {International Journal of Computer Vision (IJCV)},
volume={115},
number={3},
pages={211-252}
}
@article{workshop,
Author = {Georg Krempl and Vincent Lemaire and
Edwin Lughofer and Daniel Kottke },
Title = {{Workshop on Active Learning:
Applications, Foundations and Emerging Trends}},
Year = {2016},
journal   = {International Conference on Knowledge Technologies and Data-driven Business (i-KNOW)},
}

@book{tong2001active,
  title={Active learning: theory and applications},
  author={Tong, Simon},
  volume={1},
  year={2001},
  publisher={Stanford University USA}
}
@Article{authorson10:_secon_best_paper_in_world,
  author =	 {Author Authorson and Bob Bobsen},
  title =	 {Second best paper in the world},
  journal =	 {International Journal of Good Papers {(IJGP)}},
  year =	 2010,
  volume =	 1,
  number =	 1,
  pages =	 {1-10},
  month =	 {January}
}
@Misc{CNNpic,
  author = {Johanna Pingel},
  title  = "{Introduction to deep learning what are convolutional neural networks}",
  howpublished = "{https://www.mathworks.com/videos/introduction-to-deep-learning-what-are-convolutional-neural-networks--1489512765771.html} [Accessed: 26.11.2018]",
  year = {2017},
}
@ARTICLE{2014arXiv1409.1556S,
   author = {{Simonyan}, K. and {Zisserman}, A.},
    title = "{Very Deep Convolutional Networks for Large-Scale Image Recognition}",
  journal = {ArXiv e-prints},
archivePrefix = "arXiv",
   eprint = {1409.1556},
 primaryClass = "cs.CV",
 keywords = {Computer Science - Computer Vision and Pattern Recognition},
     year = 2014,
    month = sep,
   adsurl = {http://adsabs.harvard.edu/abs/2014arXiv1409.1556S},
  adsnote = {Provided by the SAO/NASA Astrophysics Data System}
}


@ARTICLE{costeffective,
   author = {{Huang}, S.-J. and {Zhao}, J.-W. and {Liu}, Z.-Y.},
    title = "{Cost-Effective Training of Deep CNNs with Active Model Adaptation}",
  journal = {ArXiv e-prints},
archivePrefix = "arXiv",
   eprint = {1802.05394},
 keywords = {Computer Science - Machine Learning, Statistics - Machine Learning},
     year = 2018,
    month = feb,
   adsurl = {http://adsabs.harvard.edu/abs/2018arXiv180205394H},
  adsnote = {Provided by the SAO/NASA Astrophysics Data System}
}
@ARTICLE{costeffective2,
   author = {{Wang}, K. and {Zhang}, D. and {Li}, Y. and {Zhang}, R. and 
	{Lin}, L.},
    title = "{Cost-Effective Active Learning for Deep Image Classification}",
  journal = {ArXiv e-prints},
archivePrefix = "arXiv",
   eprint = {1701.03551},
 primaryClass = "cs.CV",
 keywords = {Computer Science - Computer Vision and Pattern Recognition},
     year = 2017,
    month = jan,
   adsurl = {http://adsabs.harvard.edu/abs/2017arXiv170103551W},
  adsnote = {Provided by the SAO/NASA Astrophysics Data System}
}

@ARTICLE{Discriminativebatchmode,
   author = {Yuhong Guo and Dale Schuurmans, University of Alberta},
    title = "{Discriminative Batch Mode Active Learning}",
    
     year = 2007 ,
    month = dec,
   adsurl = {http://adsabs.harvard.edu/abs/2017arXiv170103551W},
  adsnote = {Provided by the SAO/NASA Astrophysics Data System}
}
@ARTICLE{6912976, 
author={S. Chakraborty and V. Balasubramanian and S. Panchanathan}, 
journal={IEEE Transactions on Neural Networks and Learning Systems}, 
title={Adaptive Batch Mode Active Learning}, 
year={2015}, 
volume={26}, 
number={8}, 
pages={1747-1760}, 
keywords={computational complexity;face recognition;gradient methods;learning (artificial intelligence);optimisation;data instance labeling;pattern classifier;unlabeled data;active learning;data points;adaptive approach;batch selection criteria;data stream;adaptive batch mode active learning;gradient-descent-based optimization strategies;submodular functions;adaptive BMAL algorithms;computational complexity;empirical analysis;VidTIMIT data set;mobile biometric data set;MOBIO data set;biometric recognition applications;Optimization;Labeling;Training;Linear programming;Entropy;Heuristic algorithms;Manuals;Batch mode active learning (BMAL);biometric recognition;numerical optimization;submodular functions;Batch mode active learning (BMAL);biometric recognition;numerical optimization;submodular functions;Algorithms;Biometry;Machine Learning;Neural Networks (Computer);Problem-Based Learning}, 
doi={10.1109/TNNLS.2014.2356470}, 
ISSN={2162-237X}, 
month={Aug},}
@ARTICLE{deepactivelearning, 
author={H. Ranganathan and H. Venkateswara and S. Chakraborty and S. Panchanathan}, 
booktitle={2017 IEEE International Conference on Image Processing (ICIP)}, 
title={Deep active learning for image classification}, 
year={2017}, 
volume={}, 
number={}, 
pages={3934-3938}, 
keywords={belief networks;computer vision;image classification;learning (artificial intelligence);image classification;deep learning algorithms;deep belief network model;loss function;active learning task;active learning based criterion;multimodal vision datasets;real-world image recognition applications;active learning;computer vision;Training;Entropy;Machine learning;Computer vision;Labeling;Computational modeling;Uncertainty;Computer vision;deep learning;deep belief networks;active learning;entropy}, 
doi={10.1109/ICIP.2017.8297020}, 
ISSN={2381-8549}, 
month={Sept},}